@article{goodman2003efficient,
  title={{Efficient parsing of DOP with PCFG-reductions}},
  author={Goodman, J.},
  journal={Bod et al.(Bod et al., 2003)},
  year={2003},
  publisher={Citeseer},
  url={http://citeseerx.ist.psu.edu/viewdoc/summary?doi=10.1.1.3.6394}
}


@article{chiang2006introduction,
  title={{An introduction to synchronous grammars}},
  author={Chiang, D.},
  journal={Tutorial on ACL-06},
  year={2006},
  publisher={Citeseer},
  url={http://citeseerx.ist.psu.edu/viewdoc/download?doi=10.1.1.91.3212&rep=rep1&type=pdf}
}

@article{harman1963generative,
  title={{Generative grammars without transformation rules: a defense of phrase structure}},
  author={Harman, G.H.},
  journal={Language},
  volume={39},
  number={4},
  pages={597--616},
  year={1963},
  publisher={JSTOR},
  url={http://www.jstor.org/stable/411954}
}

@conference{poutsma2000coling,
  title={{Data-oriented translation}},
  author={Poutsma, A.},
  booktitle={18th COLING},
  pages={635--641},
  year={2000},
  url={http://acl.ldc.upenn.edu/C/c00/c00-2092.pdf}
}

@article{poutsma2000msc,
  title={{Data-Oriented Translation: using the Data-Oriented Parsing framework for machine translation}},
  author={Poutsma, A.},
  journal={Master's thesis, University of Amsterdam, Amsterdam, the Netherlands},
  year={2000},
  publisher={Citeseer},
  url={http://www.xs4all.nl/~ajwp/main.ps.gz}
}

@article{macwhinney2004multiple,
  title={{A multiple process solution to the logical problem of language acquisition}},
  author={MacWhinney, B.},
  journal={Journal of Child Language},
  volume={31},
  number={04},
  pages={883--914},
  year={2004},
  publisher={Cambridge Univ Press},
  url={http://journals.cambridge.org/abstract_S0305000904006336}
}

@article{bod2007linguistic,
  title={{A linguistic investigation into unsupervised DOP}},
  author={Bod, R.},
  journal={ACL 2007},
  pages={1},
  year={2007},
  url={http://acl.ldc.upenn.edu/W/W07/W07-0601.pdf}
}

@article{prescher2004statistical,
  title={{On the statistical consistency of DOP estimators}},
  author={Prescher, D. and Scha, R. and Sima'an, K. and Zollmann, A.},
  journal={Proceedings CLIN 2004},
  year={2004},
  publisher={Citeseer},
  url={http://dare.uva.nl/record/190343}
}

@article{sima2003backoff,
  title={{Backoff parameter estimation for the DOP model}},
  author={Sima'an, K. and Buratto, L.},
  journal={Machine Learning: ECML 2003},
  year={2003},
  pages={373--384},
  publisher={Springer},
  url={http://dare.uva.nl/record/126078}
}

@article{zollmann2005consistent,
  title={{A consistent and efficient estimator for Data-Oriented Parsing}},
  author={Zollmann, A. and Sima an, K.},
  journal={Journal of Automata Languages and Combinatorics},
  volume={10},
  number={2/3},
  pages={367},
  year={2005},
  publisher={Citeseer},
  url={http://staff.science.uva.nl/~simaan/D-Papers/JALCsubmit.pdf}
}

@misc{nguyen2004rank,
  title={{Rank Consistent Estimation: The DOP Case}},
  author={Nguyen, T.L.},
  year={2004},
  publisher={Citeseer},
  url={http://www.science.uva.nl/pub/theory/illc/researchreports/MoL-2004-06.text.pdf}
}

@conference{bod2003efficient,
  title={{An efficient implementation of a new DOP model}},
  author={Bod, R.},
  booktitle={Proceedings of the tenth conference on European chapter of the Association for Computational Linguistics-Volume 1},
  pages={19--26},
  year={2003},
  organization={Association for Computational Linguistics},
  url={http://www.ldc.upenn.edu/acl/E/E03/E03-1005.pdf}
}

@article{bod2007translation,
  title={Machine translation with Tree-DOP},
  author={Bod, R. and Scha, R. and Poutsma, A.},
  year={2007},
  url={http://en.scientificcommons.org/42804214}
}

@article{way1999hybrid,
  title={{A hybrid architecture for robust MT using LFG-DOP}},
  author={Way, A.},
  journal={Journal of Experimental \& Theoretical Artificial Intelligence},
  volume={11},
  number={3},
  pages={441--471},
  year={1999},
  url={http://www.essex.ac.uk/linguistics/external/clmt/papers/dop/way99.pdf}
}


